<?xml version="1.0" encoding="UTF-8"?><collection xmlns="http://www.loc.gov/MARC21/slim"><record><leader>00623nam--2200217-u-4500</leader><controlfield tag="001">000050401</controlfield><controlfield tag="002">20161230</controlfield><controlfield tag="003">42270</controlfield><controlfield tag="005">20161230201048</controlfield><controlfield tag="008">070312s1000------------r-----000-0-eng-d</controlfield><datafield ind1=" " ind2=" " tag="020"><subfield code="a">1402014538</subfield></datafield><datafield ind1=" " ind2=" " tag="040"><subfield code="a">IFIN-HH</subfield></datafield><datafield ind1=" " ind2=" " tag="080"><subfield code="a">621.382/7</subfield></datafield><datafield ind1="1" ind2=" " tag="100"><subfield code="a">Shumovsky, Alexander S</subfield></datafield><datafield ind1="1" ind2="0" tag="245"><subfield code="a">Quantum communication and information technologies</subfield><subfield code="c">Alexander s. shumosky, valery i. rupasov (eds.)</subfield></datafield><datafield ind1=" " ind2=" " tag="260"><subfield code="a">Dordrecht</subfield><subfield code="b">Kluwer Academic Publishers</subfield><subfield code="c">2003</subfield></datafield><datafield ind1=" " ind2=" " tag="300"><subfield code="a">XVI+ 347P</subfield></datafield><datafield ind1=" " ind2=" " tag="490"><subfield code="a">Nato Science Series, 113</subfield></datafield><datafield ind1="1" ind2=" " tag="700"><subfield code="a">Rupasov, V.I</subfield><subfield code="e">Ed</subfield></datafield><datafield ind1=" " ind2=" " tag="852"><subfield code="a">42270</subfield><subfield code="c">53</subfield></datafield><datafield ind1=" " ind2=" " tag="CAT"><subfield code="a">Sys</subfield><subfield code="c">20150323</subfield><subfield code="h">091111</subfield></datafield></record></collection>